% Encoding: UTF-8

@Article{Freeman2015a,
  author  = {Freeman, Brian and Gharabaghi, Bahram and Th{\'e}, Jesse and Faisal, Shah and Abdullah, Meshal},
  title   = {Vehicle {I/M} Programs for Developing Nations},
  journal = {EM},
  year    = {2015},
  month   = apr,
  note    = {Accessed 26 Jan 2018},
  url     = {http://pubs.awma.org/flip/EM-April-2015/freeman2.pdf},
}

@Article{Sijtsma2009,
  author    = {Sijtsma, Klaas},
  title     = {On the Use, the Misuse, and the Very Limited Usefulness of {Cronbach’s} Alpha},
  journal   = {Psychometrika},
  year      = {2009},
  volume    = {74},
  number    = {1},
  pages     = {107--120},
  issn      = {0033-3123},
  doi       = {10.1007/s11336-008-9101-0},
  publisher = {Springer-Verlag},
}

@Article{Tavakol2011,
  author        = {Tavakol, Mohsen and Dennick, Reg},
  title         = {Making sense of {Cronbach's} alpha},
  journal       = {International Journal of Medical Education},
  year          = {2011},
  volume        = {2},
  pages         = {53--55},
  __markedentry = {[Brian:]},
  doi           = {10.5116/ijme.4dfb.8dfd},
  publisher     = {IJME},
}

@Article{Warrens2014,
  author  = {Matthijs J. Warrens},
  title   = {On {Cronbach’s} Alpha as the Mean of All Possible k-Split Alphas},
  journal = {Advances in Statistics},
  year    = {2014},
  volume  = {2014},
  doi     = {10.1155/2014/742863},
}

@Article{Streiner2003,
  author        = {Streiner, David L.},
  title         = {Starting at the Beginning: An Introduction to Coefficient Alpha and Internal Consistency},
  journal       = {Journal of Personality Assessment},
  year          = {2003},
  volume        = {80},
  number        = {1},
  pages         = {99--103},
  issn          = {0022-3891},
  __markedentry = {[Brian:6]},
  doi           = {10.1207/S15327752JPA8001_18},
  publisher     = {Lawrence Erlbaum Associates, Inc.},
}

@Article{Bener2008,
  author    = {Abdulbari Bener and Turker Ozkan and Timo Lajunen},
  title     = {The Driver Behaviour Questionnaire in {Arab Gulf countries: Qatar and United Arab Emirates}},
  journal   = {Accident Analysis {\&} Prevention},
  year      = {2008},
  volume    = {40},
  number    = {4},
  pages     = {1411--1417},
  month     = jul,
  doi       = {10.1016/j.aap.2008.03.003},
  publisher = {Elsevier {BV}},
}

@Article{Gu2014,
  author    = {Ludivine Gu{\'{e}}ho and Marie-Axelle Grani{\'{e}} and Jean-Claude Abric},
  title     = {French validation of a new version of the Driver Behavior Questionnaire ({DBQ}) for drivers of all ages and level of experiences},
  journal   = {Accident Analysis {\&} Prevention},
  year      = {2014},
  volume    = {63},
  pages     = {41--48},
  month     = feb,
  doi       = {10.1016/j.aap.2013.10.024},
  publisher = {Elsevier {BV}},
}

@Article{Cordazzo2014,
  author    = {Sheila T.D. Cordazzo and Charles T. Scialfa and Katherine Bubric and Rachel Jones Ross},
  title     = {The Driver Behaviour Questionnaire: A {North American} analysis},
  journal   = {Journal of Safety Research},
  year      = {2014},
  volume    = {50},
  pages     = {99--107},
  month     = sep,
  doi       = {10.1016/j.jsr.2014.05.002},
  publisher = {Elsevier {BV}},
}

@Article{Lajunen2004,
  author    = {Timo Lajunen and Dianne Parker and Heikki Summala},
  title     = {The Manchester Driver Behaviour Questionnaire: a cross-cultural study},
  journal   = {Accident Analysis {\&} Prevention},
  year      = {2004},
  volume    = {36},
  number    = {2},
  pages     = {231--238},
  month     = mar,
  doi       = {10.1016/S0001-4575(02)00152-5},
  publisher = {Elsevier {BV}},
}

@Article{Martinussen2013,
  author    = {Laila M. Martinussen and Liisa Hakamies-Blomqvist and Mette M{\o}ller and Türker Özkan and Timo Lajunen},
  title     = {Age, gender, mileage and the {DBQ}: The validity of the Driver Behavior Questionnaire in different driver groups},
  journal   = {Accident Analysis {\&} Prevention},
  year      = {2013},
  volume    = {52},
  pages     = {228--236},
  month     = mar,
  doi       = {10.1016/j.aap.2012.12.036},
  publisher = {Elsevier {BV}},
}

@Article{Stephens2016,
  author    = {A.N. Stephens and M. Fitzharris},
  title     = {Validation of the Driver Behaviour Questionnaire in a representative sample of drivers in {Australia}},
  journal   = {Accident Analysis {\&} Prevention},
  year      = {2016},
  volume    = {86},
  pages     = {186--198},
  month     = jan,
  doi       = {10.1016/j.aap.2015.10.030},
  publisher = {Elsevier {BV}},
}

@Article{Sumer2003,
  author    = {Nebi Sumer},
  title     = {Personality and behavioral predictors of traffic accidents: testing a contextual mediated model},
  journal   = {Accident Analysis {\&} Prevention},
  year      = {2003},
  volume    = {35},
  number    = {6},
  pages     = {949--964},
  month     = nov,
  doi       = {10.1016/S0001-4575(02)00103-3},
  publisher = {Elsevier {BV}},
}

@Article{Wang2016,
  author    = {Haidong Wang and Mohsen Naghavi and Christine Allen and Ryan M Barber},
  title     = {Global, regional, and national life expectancy, all-cause mortality, and cause-specific mortality for 249 causes of death, 1980{\textendash}2015: a systematic analysis for the Global Burden of Disease Study 2015},
  journal   = {The Lancet},
  year      = {2016},
  volume    = {388},
  number    = {10053},
  pages     = {1459--1544},
  month     = oct,
  doi       = {10.1016/S0140-6736(16)31012-1},
  publisher = {Elsevier {BV}},
}

@Misc{CIA2015,
  author      = {{Central Intelligence Agency}},
  title       = {{CIA World Factbook: Middle East: Kuwait}},
  year        = {2017},
  note        = {Accesses 26 Jan 2018},
  shortauthor = {CIA},
  url         = {https://www.cia.gov/library/publications/the-world-factbook/geos/ku.html},
}

@Article{Freeman2017,
  author    = {Brian Freeman and Bahram Gharabaghi and Jesse Th\'e and Mohammad Munshed and Shah Faisal and Meshal Abdullah and Athari Al Aseed},
  title     = {Mapping air quality zones for coastal urban centers},
  journal   = {Journal of the Air \& Waste Management Association},
  year      = {2017},
  volume    = {67},
  number    = {5},
  pages     = {565-581},
  doi       = {10.1080/10962247.2016.1265025},
  publisher = {Taylor \& Francis},
}

@Misc{CSB2017,
  author      = {{Central Statistic Bureau}},
  title       = {Statistics of Transportation 2017},
  year        = {2017},
  note        = {Accessed 18 Jan 2018},
  shortauthor = {CSB},
  url         = {https://www.csb.gov.kw/Socan_Statistic_EN.aspx?ID=41},
}

@Book{James2000,
  title     = {Road Rage and Aggressive Driving: Steering Clear of Highway Warfare},
  publisher = {Prometheus Books},
  year      = {2000},
  author    = {Leon James and Diane Nahl},
  isbn      = {978-1573928465},
}

@TechReport{Mathers2009,
  author      = {Mathers, Colin and Stevens, Gretchen and Mascarenhas, Maya},
  title       = {Global health risks: {M}ortality and burden of disease attributable to selected major risks},
  institution = {World Health Organization},
  year        = {2009},
  type        = {Report},
  note        = {Accessed 26 Jan 2018},
  url         = {http://apps.who.int/iris/handle/10665/44203},
}

@Misc{KUNA2016,
  author      = {{Kuwait News Agency}},
  title       = {Nearly 500 people a year die in {Kuwait} traffic accidents – Smart phone use a main cause of accidents},
  month       = may,
  year        = {2016},
  shortauthor = {KUNA},
  url         = {http://news.kuwaittimes.net/website/nearly-500-people-year-die-kuwait-traffic-accidents/},
}

@Misc{PACI2017,
  author      = {{Public Authority of Civil Information}},
  title       = {Gender By Nationality and Age and Governorate, 2017},
  year        = {2017},
  note        = {Accessed 26 Jan 2018},
  shortauthor = {PACI},
  url         = {http://stat.paci.gov.kw/englishreports/},
}

@Article{Reason1990,
  author    = {James Reason and Antony Manstead and Stephen Stradling and James Baxter and Karen Campbell},
  title     = {Errors and violations on the roads: a real distinction?},
  journal   = {Ergonomics},
  year      = {1990},
  volume    = {33},
  number    = {10-11},
  pages     = {1315--1332},
  month     = oct,
  doi       = {10.1080/00140139008925335},
  publisher = {Informa {UK} Limited},
}

@Article{Laapotti2003,
  author    = {Sirkku Laapotti and Esko Keskinen and Sirpa Rajalin},
  title     = {Comparison of young male and female drivers attitude and self-reported traffic behaviour in {Finland} in 1978 and 2001},
  journal   = {Journal of Safety Research},
  year      = {2003},
  volume    = {34},
  number    = {5},
  pages     = {579--587},
  month     = jan,
  doi       = {10.1016/j.jsr.2003.05.007},
  publisher = {Elsevier {BV}},
}

@TechReport{,
  author      = {{World Health Organization}},
  title       = {Global status report on road safety 2015},
  institution = {World Health Organization},
  year        = {2015},
  isbn        = {9789241565066},
  shortauthor = {WHO},
}

@Comment{jabref-meta: databaseType:bibtex;}
